<?xml version="1.0" encoding="UTF-8" ?>
<record Numero="13955879" format="InterXMarc_Complet" type="Authority">
<leader>00586c0 au22000272  45  <Pos Code="0004">00586</Pos>
<Pos Code="05" Sens="notice modifiée">c</Pos>
<Pos Code="06" Sens="notice validée par les services d&apos;autorité">0</Pos>
<Pos Code="08" Sens="notice d&apos;autorité">a</Pos>
<Pos Code="09" Sens="titre uniforme musical (TUM)">u</Pos>
<Pos Code="10">2</Pos>
<Pos Code="11">2</Pos>
<Pos Code="1216">00027</Pos>
<Pos Code="17" Sens="autres cas">2</Pos>
<Pos Code="20">4</Pos>
<Pos Code="21">5</Pos>
</leader>
<controlfield tag="001">FRBNF139558796<Pos Code="0001">FR</Pos>
<Pos Code="0204">BNF</Pos>
<Pos Code="0512">13955879</Pos>
<Pos Code="13">6</Pos>
</controlfield>
<controlfield tag="008">930603140617yy    qui       1924                             1   <Pos Code="0001">93</Pos>
<Pos Code="0203">06</Pos>
<Pos Code="0405">03</Pos>
<Pos Code="0607">14</Pos>
<Pos Code="0809">06</Pos>
<Pos Code="1011">17</Pos>
<Pos Code="1213" Sens="ne s&apos;applique pas">yy</Pos>
<Pos Code="1820" Sens="quintette instrumental">qui</Pos>
<Pos Code="2831">1924</Pos>
<Pos Code="61" Sens="La vedette peut être liée à une notice bibliographique sauf pour l&apos;accès matière RAMEAU">1</Pos>
</controlfield>
<datafield tag="048" ind1=" " ind2=" ">
	<subfield code="a">wc01<Pos Code="0001" Sens="instruments à vent - clarinette">wc</Pos>
<Pos Code="02">0</Pos>
<Pos Code="03">1</Pos>
</subfield>
	<subfield code="a">wb01<Pos Code="0001" Sens="instruments à vent - hautbois">wb</Pos>
<Pos Code="02">0</Pos>
<Pos Code="03">1</Pos>
</subfield>
	<subfield code="a">sa01<Pos Code="0001" Sens="cordes frottées - violon">sa</Pos>
<Pos Code="02">0</Pos>
<Pos Code="03">1</Pos>
</subfield>
	<subfield code="a">sb01<Pos Code="0001" Sens="cordes frottées - alto">sb</Pos>
<Pos Code="02">0</Pos>
<Pos Code="03">1</Pos>
</subfield>
	<subfield code="a">sd01<Pos Code="0001" Sens="cordes frottées - contrebasse">sd</Pos>
<Pos Code="02">0</Pos>
<Pos Code="03">1</Pos>
</subfield>
</datafield>
<datafield tag="100" ind1=" " ind2=" ">
	<subfield code="3">13898702</subfield>
	<subfield code="w">.0..barus.</subfield>
	<subfield code="a">Prokofʹev</subfield>
	<subfield code="m">Sergej Sergeevič</subfield>
	<subfield code="d">1891-1953</subfield>
</datafield>
<datafield tag="144" ind1="1" ind2=" ">
	<subfield code="w">....b.fre.</subfield>
	<subfield code="a">Quintettes</subfield>
	<subfield code="b">Clarinette, hautbois, violon, alto, contrebasse</subfield>
	<subfield code="p">Op. 39</subfield>
	<subfield code="t">Sol mineur</subfield>
</datafield>
<datafield tag="600" ind1=" " ind2=" ">
	<subfield code="a">Musique pour le ballet &quot;Trapetsiya&quot; (&quot;Trapèze&quot;) jouée également au concert</subfield>
	<subfield code="a">Date de composition : 1924</subfield>
	<subfield code="a">1re exécution (comme musique de ballet) : Berlin, 1925</subfield>
</datafield>
<datafield tag="610" ind1=" " ind2=" ">
	<subfield code="a">Grove music online</subfield>
	<subfield code="u">http://www.oxfordmusiconline.com</subfield>
	<subfield code="d">2014-06-17</subfield>
</datafield>
<datafield tag="917" ind1=" " ind2=" ">
	<subfield code="o">OPC</subfield>
	<subfield code="a">100869650</subfield>
</datafield>
<Alter Ori="13898702">
<datafield tag="100" ind1=" " ind2=" ">
	<subfield code="w">.0..c.rus.</subfield>
	<subfield code="a">Прокофьев</subfield>
	<subfield code="m">Сергей Сергеевич</subfield>
	<subfield code="d">1891-1953</subfield>
</datafield>
<datafield tag="400" ind1=" " ind2=" ">
	<subfield code="w">....barus.</subfield>
	<subfield code="a">Prokofʹev</subfield>
	<subfield code="m">Sergej</subfield>
	<subfield code="d">1891-1953</subfield>
</datafield>
<datafield tag="400" ind1=" " ind2=" ">
	<subfield code="w">....bu....</subfield>
	<subfield code="a">Prokofiev</subfield>
	<subfield code="m">Serge</subfield>
	<subfield code="d">1891-1953</subfield>
</datafield>
<datafield tag="400" ind1=" " ind2=" ">
	<subfield code="w">....bu....</subfield>
	<subfield code="a">Prokofiev</subfield>
	<subfield code="m">Sergey Sergeyevich</subfield>
	<subfield code="d">1891-1953</subfield>
</datafield>
<datafield tag="400" ind1=" " ind2=" ">
	<subfield code="w">....bu....</subfield>
	<subfield code="a">Prokofiev</subfield>
	<subfield code="m">Sergei</subfield>
	<subfield code="d">1891-1953</subfield>
</datafield>
<datafield tag="400" ind1=" " ind2=" ">
	<subfield code="w">....bu....</subfield>
	<subfield code="a">Prokofieff</subfield>
	<subfield code="m">Serge</subfield>
	<subfield code="d">1891-1953</subfield>
</datafield>
<datafield tag="031" ind1=" " ind2=" ">
	<subfield code="a">0000000121389711</subfield>
	<subfield code="2" Sens="ISNI chargé à partir de VIAF">VIAF</subfield>
	<subfield code="d">20130731<Pos Code="0003">2013</Pos>
<Pos Code="0407" Sens="31 juillet">0731</Pos>
</subfield>
</datafield>
</Alter>
<Attr Nom="IDPerenne">ark:/12148/cb13955879v</Attr>
<Attr Nom="NumSource">OPC 100869650</Attr>
<Attr Nom="Source" Sens="BnF catalogue général (depuis 1999)">A</Attr>
<Attr Nom="NumAutoriteLiee">13898702</Attr>
<Attr Nom="DateCreation">03/06/ 1993</Attr>
<Attr Nom="ResponsableCreation">MIGV2</Attr>
<Attr Nom="StructCreation">1</Attr>
<Attr Nom="DateDerniereValidation">17/06/ 2014</Attr>
<Attr Nom="ResponsableDerniereValidation">PUYRENIER FREDERIC</Attr>
<Attr Nom="StructPremiereValidation">1</Attr>
<Attr Nom="DatePremiereValidation">03/06/ 1993</Attr>
<Attr Nom="ResponsablePremiereValidation">MIGV2</Attr>
<Attr Nom="StructDerniereValidation">82</Attr>
<Attr Nom="NumSource">OPP 10303349</Attr>
</record>
